<?xml version = "1.0" encoding = "UTF-8"?>
<x_server_response metalib_version="4.5.2 (790)">
    <retrieve_resources_by_category_response>
        <source_full_info>
            <source_info>
                <source_internal_number>000003053</source_internal_number>
                <source_001>BCL01547</source_001>
                <source_name>Anthropology Plus</source_name>
                <source_short_name>Anthropology Plus</source_short_name>
                <source_searchable_flag>Y</source_searchable_flag>
            </source_info>
            <record xmlns="http://www.loc.gov/MARC21/slim"
                    xmlns:xsi="http://www.w3.org/2001/XMLSchema-instance"
                    xsi:schemaLocation="http://www.loc.gov/MARC21/slim
http://www.loc.gov/standards/marcxml/schema/MARC21slim.xsd">
                <controlfield tag="001">BCL01547</controlfield>
                <datafield tag="245" ind1="1" ind2=" ">
                    <subfield code="a">Anthropology Plus</subfield>
                </datafield>
                <datafield tag="210" ind1=" " ind2=" ">
                    <subfield code="a">Anthropology Plus</subfield>
                </datafield>
                <datafield tag="520" ind1=" " ind2=" ">
                    <subfield code="a">Index for articles and essays in anthropology, archaeology, and related fields.
                        Database
                        Sources: Tozzer Library, Harvard University, The Library of the British Museum Department of
                        Ethnography
                        (Museum of Mankind), incorporating the former Royal Anthropological Institute library.
                    </subfield>
                </datafield>
                <datafield tag="594" ind1=" " ind2=" ">
                    <subfield code="a">SUBSCRIPTION</subfield>
                </datafield>
                <datafield tag="500" ind1=" " ind2=" ">
                    <subfield code="a">Late 19th century to present</subfield>
                </datafield>
                <datafield tag="593" ind1=" " ind2=" ">
                    <subfield code="a">User/password authentication required.</subfield>
                </datafield>
                <datafield tag="592" ind1=" " ind2=" ">
                    <subfield code="a">Anthropological Plus does not support searching on ISSNs or ISBNs. ## ##Sorts by
                        author: The first 166 records are sorted alphabetically. Sorting restarts at A with the 167th
                        record. ## ##Phrase searching is not supported.
                    </subfield>
                </datafield>
                <datafield tag="595" ind1=" " ind2=" ">
                    <subfield code="a">Anthropological Plus does not support searching on ISSNs or ISBNs. ## ##Sorts by
                        author: The first 166 records are sorted alphabetically. Sorting restarts at A with the 167th
                        record. ## ##Phrase searching is not supported.
                    </subfield>
                </datafield>
                <datafield tag="110" ind1="2" ind2=" ">
                    <subfield code="a">EBSCO</subfield>
                </datafield>
                <datafield tag="TAR" ind1=" " ind2=" ">
                    <subfield code="a">OCLC_ANTP</subfield>
                    <subfield code="f">Y</subfield>
                </datafield>
                <datafield tag="ZAT" ind1=" " ind2=" ">
                    <subfield code="a">s4194587.main.z3950/ebsco</subfield>
                </datafield>
                <datafield tag="ZHS" ind1=" " ind2=" ">
                    <subfield code="a">zgw.ebscohost.com:210</subfield>
                </datafield>
                <datafield tag="ZDC" ind1=" " ind2=" ">
                    <subfield code="a">ant</subfield>
                </datafield>
                <datafield tag="PXY" ind1=" " ind2=" ">
                    <subfield code="a">Y</subfield>
                </datafield>
                <datafield tag="AF1" ind1=" " ind2=" ">
                    <subfield code="a">BCL</subfield>
                </datafield>
                <datafield tag="AF3" ind1=" " ind2=" ">
                    <subfield code="a">BC</subfield>
                </datafield>
                <datafield tag="STA" ind1=" " ind2=" ">
                    <subfield code="a">ACTIVE</subfield>
                </datafield>
                <controlfield tag="CKB">CKB02303</controlfield>
                <datafield tag="RNK" ind1=" " ind2=" ">
                    <subfield code="a">3</subfield>
                </datafield>
                <datafield tag="CJK" ind1=" " ind2=" ">
                    <subfield code="a">lat</subfield>
                </datafield>
                <controlfield tag="FMT">DD</controlfield>
                <datafield tag="ATG" ind1=" " ind2=" ">
                    <subfield code="a">RESTRICT</subfield>
                </datafield>
                <datafield tag="655" ind1=" " ind2=" ">
                    <subfield code="a">Article Index Database</subfield>
                </datafield>
                <datafield tag="856" ind1="4" ind2="1">
                    <subfield code="u">http://search.ebscohost.com/login.aspx?authtype=ip,uid&amp;profile=ehost&amp;defaultdb=ant</subfield>
                </datafield>
                <datafield tag="650" ind1=" " ind2=" ">
                    <subfield code="a">Anthropology</subfield>
                </datafield>
                <datafield tag="650" ind1=" " ind2=" ">
                    <subfield code="a">History</subfield>
                </datafield>
                <datafield tag="650" ind1=" " ind2=" ">
                    <subfield code="a">Sociology</subfield>
                </datafield>
                <datafield tag="CAT" ind1=" " ind2=" ">
                    <subfield code="c">20041123</subfield>
                    <subfield code="l">DAT01</subfield>
                    <subfield code="h">1453</subfield>
                </datafield>
                <datafield tag="CAT" ind1=" " ind2=" ">
                    <subfield code="c">20041123</subfield>
                    <subfield code="l">DAT01</subfield>
                    <subfield code="h">1526</subfield>
                </datafield>
                <datafield tag="CAT" ind1=" " ind2=" ">
                    <subfield code="c">20041219</subfield>
                    <subfield code="l">DAT01</subfield>
                    <subfield code="h">2053</subfield>
                </datafield>
                <datafield tag="CAT" ind1=" " ind2=" ">
                    <subfield code="a">bc</subfield>
                    <subfield code="b">00</subfield>
                    <subfield code="c">20050228</subfield>
                    <subfield code="l">DAT01</subfield>
                    <subfield code="h">1915</subfield>
                </datafield>
                <datafield tag="CAT" ind1=" " ind2=" ">
                    <subfield code="a">bob</subfield>
                    <subfield code="b">00</subfield>
                    <subfield code="c">20050410</subfield>
                    <subfield code="l">DAT01</subfield>
                    <subfield code="h">2010</subfield>
                </datafield>
                <datafield tag="CAT" ind1=" " ind2=" ">
                    <subfield code="a">bob</subfield>
                    <subfield code="b">00</subfield>
                    <subfield code="c">20050410</subfield>
                    <subfield code="l">DAT01</subfield>
                    <subfield code="h">2025</subfield>
                </datafield>
                <datafield tag="CAT" ind1=" " ind2=" ">
                    <subfield code="a">bc</subfield>
                    <subfield code="b">00</subfield>
                    <subfield code="c">20050712</subfield>
                    <subfield code="l">DAT01</subfield>
                    <subfield code="h">1134</subfield>
                </datafield>
                <datafield tag="CAT" ind1=" " ind2=" ">
                    <subfield code="a">bc</subfield>
                    <subfield code="b">00</subfield>
                    <subfield code="c">20050712</subfield>
                    <subfield code="l">DAT01</subfield>
                    <subfield code="h">1135</subfield>
                </datafield>
                <datafield tag="CAT" ind1=" " ind2=" ">
                    <subfield code="a">bc</subfield>
                    <subfield code="b">00</subfield>
                    <subfield code="c">20050712</subfield>
                    <subfield code="l">DAT01</subfield>
                    <subfield code="h">1139</subfield>
                </datafield>
                <datafield tag="CAT" ind1=" " ind2=" ">
                    <subfield code="a">bc</subfield>
                    <subfield code="b">00</subfield>
                    <subfield code="c">20050712</subfield>
                    <subfield code="l">DAT01</subfield>
                    <subfield code="h">1139</subfield>
                </datafield>
                <datafield tag="CAT" ind1=" " ind2=" ">
                    <subfield code="a">bc</subfield>
                    <subfield code="b">00</subfield>
                    <subfield code="c">20050712</subfield>
                    <subfield code="l">DAT01</subfield>
                    <subfield code="h">1140</subfield>
                </datafield>
                <datafield tag="CAT" ind1=" " ind2=" ">
                    <subfield code="a">bc</subfield>
                    <subfield code="b">00</subfield>
                    <subfield code="c">20050712</subfield>
                    <subfield code="l">DAT01</subfield>
                    <subfield code="h">1144</subfield>
                </datafield>
                <datafield tag="CAT" ind1=" " ind2=" ">
                    <subfield code="a">bob</subfield>
                    <subfield code="b">00</subfield>
                    <subfield code="c">20070706</subfield>
                    <subfield code="l">DAT01</subfield>
                    <subfield code="h">2258</subfield>
                </datafield>
                <datafield tag="CAT" ind1=" " ind2=" ">
                    <subfield code="a">bcadmin</subfield>
                    <subfield code="b">00</subfield>
                    <subfield code="c">20071009</subfield>
                    <subfield code="l">DAT01</subfield>
                    <subfield code="h">1530</subfield>
                </datafield>
                <datafield tag="CAT" ind1=" " ind2=" ">
                    <subfield code="a">bcadmin</subfield>
                    <subfield code="b">00</subfield>
                    <subfield code="c">20071009</subfield>
                    <subfield code="l">DAT01</subfield>
                    <subfield code="h">1531</subfield>
                </datafield>
                <datafield tag="CAT" ind1=" " ind2=" ">
                    <subfield code="a">bcadmin</subfield>
                    <subfield code="b">00</subfield>
                    <subfield code="c">20071010</subfield>
                    <subfield code="l">DAT01</subfield>
                    <subfield code="h">1329</subfield>
                </datafield>
                <datafield tag="CAT" ind1=" " ind2=" ">
                    <subfield code="a">bcadmin</subfield>
                    <subfield code="b">00</subfield>
                    <subfield code="c">20071010</subfield>
                    <subfield code="l">DAT01</subfield>
                    <subfield code="h">1329</subfield>
                </datafield>
                <datafield tag="CAT" ind1=" " ind2=" ">
                    <subfield code="a">bcadmin</subfield>
                    <subfield code="b">00</subfield>
                    <subfield code="c">20071010</subfield>
                    <subfield code="l">DAT01</subfield>
                    <subfield code="h">1338</subfield>
                </datafield>
                <datafield tag="CAT" ind1=" " ind2=" ">
                    <subfield code="a">bcadmin</subfield>
                    <subfield code="b">00</subfield>
                    <subfield code="c">20071010</subfield>
                    <subfield code="l">DAT01</subfield>
                    <subfield code="h">1340</subfield>
                </datafield>
                <datafield tag="CAT" ind1=" " ind2=" ">
                    <subfield code="a">bcadmin</subfield>
                    <subfield code="b">00</subfield>
                    <subfield code="c">20071010</subfield>
                    <subfield code="l">DAT01</subfield>
                    <subfield code="h">1341</subfield>
                </datafield>
                <datafield tag="CAT" ind1=" " ind2=" ">
                    <subfield code="a">bcadmin</subfield>
                    <subfield code="b">00</subfield>
                    <subfield code="c">20071010</subfield>
                    <subfield code="l">DAT01</subfield>
                    <subfield code="h">1341</subfield>
                </datafield>
                <datafield tag="CAT" ind1=" " ind2=" ">
                    <subfield code="a">scott</subfield>
                    <subfield code="b">00</subfield>
                    <subfield code="c">20071101</subfield>
                    <subfield code="l">DAT01</subfield>
                    <subfield code="h">1213</subfield>
                </datafield>
                <datafield tag="CAT" ind1=" " ind2=" ">
                    <subfield code="c">20071101</subfield>
                    <subfield code="l">DAT01</subfield>
                    <subfield code="h">1217</subfield>
                </datafield>
                <datafield tag="CAT" ind1=" " ind2=" ">
                    <subfield code="c">20071101</subfield>
                    <subfield code="l">DAT01</subfield>
                    <subfield code="h">1226</subfield>
                </datafield>
                <datafield tag="CAT" ind1=" " ind2=" ">
                    <subfield code="a">bob</subfield>
                    <subfield code="b">00</subfield>
                    <subfield code="c">20071101</subfield>
                    <subfield code="l">DAT01</subfield>
                    <subfield code="h">1250</subfield>
                </datafield>
                <datafield tag="CAT" ind1=" " ind2=" ">
                    <subfield code="a">bob</subfield>
                    <subfield code="b">00</subfield>
                    <subfield code="c">20071101</subfield>
                    <subfield code="l">DAT01</subfield>
                    <subfield code="h">2240</subfield>
                </datafield>
                <datafield tag="CAT" ind1=" " ind2=" ">
                    <subfield code="a">bob</subfield>
                    <subfield code="b">00</subfield>
                    <subfield code="c">20071101</subfield>
                    <subfield code="l">DAT01</subfield>
                    <subfield code="h">2241</subfield>
                </datafield>
                <datafield tag="CAT" ind1=" " ind2=" ">
                    <subfield code="a">bob</subfield>
                    <subfield code="b">00</subfield>
                    <subfield code="c">20071106</subfield>
                    <subfield code="l">DAT01</subfield>
                    <subfield code="h">1737</subfield>
                </datafield>
                <datafield tag="CAT" ind1=" " ind2=" ">
                    <subfield code="a">bob</subfield>
                    <subfield code="b">00</subfield>
                    <subfield code="c">20071106</subfield>
                    <subfield code="l">DAT01</subfield>
                    <subfield code="h">1739</subfield>
                </datafield>
                <datafield tag="CAT" ind1=" " ind2=" ">
                    <subfield code="a">scott</subfield>
                    <subfield code="b">00</subfield>
                    <subfield code="c">20080104</subfield>
                    <subfield code="l">DAT01</subfield>
                    <subfield code="h">1513</subfield>
                </datafield>
                <datafield tag="CAT" ind1=" " ind2=" ">
                    <subfield code="a">bob</subfield>
                    <subfield code="b">00</subfield>
                    <subfield code="c">20090715</subfield>
                    <subfield code="l">DAT01</subfield>
                    <subfield code="h">2126</subfield>
                </datafield>
                <datafield tag="CAT" ind1=" " ind2=" ">
                    <subfield code="a">bob</subfield>
                    <subfield code="b">00</subfield>
                    <subfield code="c">20090715</subfield>
                    <subfield code="l">DAT01</subfield>
                    <subfield code="h">2126</subfield>
                </datafield>
                <datafield tag="CAT" ind1=" " ind2=" ">
                    <subfield code="a">bob</subfield>
                    <subfield code="b">00</subfield>
                    <subfield code="c">20090715</subfield>
                    <subfield code="l">DAT01</subfield>
                    <subfield code="h">2126</subfield>
                </datafield>
                <datafield tag="CAT" ind1=" " ind2=" ">
                    <subfield code="a">bcadmin</subfield>
                    <subfield code="b">00</subfield>
                    <subfield code="c">20120727</subfield>
                    <subfield code="l">DAT01</subfield>
                    <subfield code="h">1232</subfield>
                </datafield>
                <datafield tag="CAT" ind1=" " ind2=" ">
                    <subfield code="a">bcadmin</subfield>
                    <subfield code="b">00</subfield>
                    <subfield code="c">20120727</subfield>
                    <subfield code="l">DAT01</subfield>
                    <subfield code="h">1235</subfield>
                </datafield>
                <datafield tag="856" ind1="4" ind2="3">
                    <subfield code="u">http://search.ebscohost.com/direct.asp?an=$016_a&amp;db=ant</subfield>
                </datafield>
                <datafield tag="CAT" ind1=" " ind2=" ">
                    <subfield code="a">bcadmin</subfield>
                    <subfield code="b">00</subfield>
                    <subfield code="c">20120727</subfield>
                    <subfield code="l">DAT01</subfield>
                    <subfield code="h">1236</subfield>
                </datafield>
                <datafield tag="CAT" ind1=" " ind2=" ">
                    <subfield code="a">bcadmin</subfield>
                    <subfield code="b">00</subfield>
                    <subfield code="c">20120727</subfield>
                    <subfield code="l">DAT01</subfield>
                    <subfield code="h">1237</subfield>
                </datafield>
                <datafield tag="CAT" ind1=" " ind2=" ">
                    <subfield code="a">bcadmin</subfield>
                    <subfield code="b">00</subfield>
                    <subfield code="c">20120727</subfield>
                    <subfield code="l">DAT01</subfield>
                    <subfield code="h">1237</subfield>
                </datafield>
            </record>