
        </source_full_info>
        <source_full_info>
            <source_info>
                <source_internal_number>000002750</source_internal_number>
                <source_001>BCL03387</source_001>
                <source_name>China Academic Journals Full Text Database</source_name>
                <source_short_name>China Academic Journals (CNKI)</source_short_name>
                <source_searchable_flag>Y</source_searchable_flag>
            </source_info>
            <record xmlns="http://www.loc.gov/MARC21/slim"
                    xmlns:xsi="http://www.w3.org/2001/XMLSchema-instance"
                    xsi:schemaLocation="http://www.loc.gov/MARC21/slim
http://www.loc.gov/standards/marcxml/schema/MARC21slim.xsd">
                <controlfield tag="001">BCL03387</controlfield>
                <datafield tag="245" ind1="1" ind2=" ">
                    <subfield code="a">China Academic Journals Full Text Database</subfield>
                </datafield>
                <datafield tag="210" ind1=" " ind2=" ">
                    <subfield code="a">China Academic Journals (CNKI)</subfield>
                </datafield>
                <datafield tag="594" ind1=" " ind2=" ">
                    <subfield code="a">SUBSCRIPTION</subfield>
                </datafield>
                <datafield tag="520" ind1=" " ind2=" ">
                    <subfield code="a">Chinese Academic Journals (CAJ) is the most comprehensive, full-text database of
                        mainland Chinese journals in the world. This collection provides access to journals in
                        Literature/History/Philosophy and Economics/Politics/Law subject areas starting with
                        1994.####是目前世界上最大的连续动态更新的中国期刊全文数据库。收录1994 年至今约 7486
                        种期刊全文，并对其中部分重要刊物回溯至创刊。至2005年12月31日，累积期刊全文文献1670多万篇。 ##
                        ##产品分为十大专辑：理工A、理工B、理工C、农业、医药卫生、文史哲、政治军事与法律、教育与 社会科学综合、电子技术与信息科学、经济与管理。
                    </subfield>
                </datafield>
                <datafield tag="500" ind1=" " ind2=" ">
                    <subfield code="a">1994-</subfield>
                </datafield>
                <datafield tag="546" ind1=" " ind2=" ">
                    <subfield code="a">CHINESE</subfield>
                </datafield>
                <datafield tag="546" ind1=" " ind2=" ">
                    <subfield code="a">ENGLISH</subfield>
                </datafield>
                <datafield tag="590" ind1=" " ind2=" ">
                    <subfield code="a">Series F title list: http://www.eastview.com/Files/CAJ-F.xls</subfield>
                </datafield>
                <datafield tag="590" ind1=" " ind2=" ">
                    <subfield code="a">Series G title list: http://www.eastview.com/Files/CAJ-G.xls</subfield>
                </datafield>
                <datafield tag="110" ind1="2" ind2=" ">
                    <subfield code="a">University China Academic Journals Electronic Publishing House.</subfield>
                </datafield>
                <datafield tag="TAR" ind1=" " ind2=" ">
                    <subfield code="a">CHN_KCNKI</subfield>
                    <subfield code="f">Y</subfield>
                </datafield>
                <datafield tag="ZHS" ind1=" " ind2=" ">
                    <subfield code="a">http://c50.cnki.net</subfield>
                </datafield>
                <datafield tag="ZDC" ind1=" " ind2=" ">
                    <subfield code="a">KCNKI-QK</subfield>
                </datafield>
                <datafield tag="PXY" ind1=" " ind2=" ">
                    <subfield code="a">Y</subfield>
                </datafield>
                <datafield tag="AF1" ind1=" " ind2=" ">
                    <subfield code="a">BCL</subfield>
                </datafield>
                <datafield tag="AF3" ind1=" " ind2=" ">
                    <subfield code="a">BC</subfield>
                </datafield>
                <datafield tag="STA" ind1=" " ind2=" ">
                    <subfield code="a">ACTIVE</subfield>
                </datafield>
                <controlfield tag="CKB">CKB02805</controlfield>
                <datafield tag="REG" ind1=" " ind2=" ">
                    <subfield code="a">CHN</subfield>
                </datafield>
                <datafield tag="RNK" ind1=" " ind2=" ">
                    <subfield code="a">3</subfield>
                </datafield>
                <datafield tag="CJK" ind1=" " ind2=" ">
                    <subfield code="a">lat</subfield>
                </datafield>
                <controlfield tag="FMT">DD</controlfield>
                <datafield tag="CAT" ind1=" " ind2=" ">
                    <subfield code="c">20060501</subfield>
                    <subfield code="l">DAT01</subfield>
                    <subfield code="h">1610</subfield>
                </datafield>
                <datafield tag="CAT" ind1=" " ind2=" ">
                    <subfield code="a">bcadmin</subfield>
                    <subfield code="b">00</subfield>
                    <subfield code="c">20110317</subfield>
                    <subfield code="l">DAT01</subfield>
                    <subfield code="h">1018</subfield>
                </datafield>
                <datafield tag="CAT" ind1=" " ind2=" ">
                    <subfield code="a">bcadmin</subfield>
                    <subfield code="b">00</subfield>
                    <subfield code="c">20110317</subfield>
                    <subfield code="l">DAT01</subfield>
                    <subfield code="h">1018</subfield>
                </datafield>
                <datafield tag="655" ind1=" " ind2=" ">
                    <subfield code="a">Full-Text Resources</subfield>
                </datafield>
                <datafield tag="CAT" ind1=" " ind2=" ">
                    <subfield code="a">bcadmin</subfield>
                    <subfield code="b">00</subfield>
                    <subfield code="c">20110317</subfield>
                    <subfield code="l">DAT01</subfield>
                    <subfield code="h">1024</subfield>
                </datafield>
                <datafield tag="CAT" ind1=" " ind2=" ">
                    <subfield code="a">bcadmin</subfield>
                    <subfield code="b">00</subfield>
                    <subfield code="c">20110317</subfield>
                    <subfield code="l">DAT01</subfield>
                    <subfield code="h">1024</subfield>
                </datafield>
                <datafield tag="CAT" ind1=" " ind2=" ">
                    <subfield code="a">bcadmin</subfield>
                    <subfield code="b">00</subfield>
                    <subfield code="c">20110317</subfield>
                    <subfield code="l">DAT01</subfield>
                    <subfield code="h">1026</subfield>
                </datafield>
                <datafield tag="CAT" ind1=" " ind2=" ">
                    <subfield code="a">bcadmin</subfield>
                    <subfield code="b">00</subfield>
                    <subfield code="c">20110317</subfield>
                    <subfield code="l">DAT01</subfield>
                    <subfield code="h">1027</subfield>
                </datafield>
                <datafield tag="856" ind1="4" ind2="1">
                    <subfield code="u">http://oversea.cnki.net/</subfield>
                </datafield>
                <datafield tag="CAT" ind1=" " ind2=" ">
                    <subfield code="a">bcadmin</subfield>
                    <subfield code="b">00</subfield>
                    <subfield code="c">20110317</subfield>
                    <subfield code="l">DAT01</subfield>
                    <subfield code="h">1028</subfield>
                </datafield>
                <datafield tag="CAT" ind1=" " ind2=" ">
                    <subfield code="a">bcadmin</subfield>
                    <subfield code="b">00</subfield>
                    <subfield code="c">20110317</subfield>
                    <subfield code="l">DAT01</subfield>
                    <subfield code="h">1028</subfield>
                </datafield>
                <datafield tag="CAT" ind1=" " ind2=" ">
                    <subfield code="a">bcadmin</subfield>
                    <subfield code="b">00</subfield>
                    <subfield code="c">20110317</subfield>
                    <subfield code="l">DAT01</subfield>
                    <subfield code="h">1029</subfield>
                </datafield>
                <datafield tag="CAT" ind1=" " ind2=" ">
                    <subfield code="a">bcadmin</subfield>
                    <subfield code="b">00</subfield>
                    <subfield code="c">20110317</subfield>
                    <subfield code="l">DAT01</subfield>
                    <subfield code="h">1029</subfield>
                </datafield>
                <datafield tag="856" ind1="4" ind2="3">
                    <subfield code="u">$LNK_a</subfield>
                </datafield>
                <datafield tag="CAT" ind1=" " ind2=" ">
                    <subfield code="a">bcadmin</subfield>
                    <subfield code="b">00</subfield>
                    <subfield code="c">20110317</subfield>
                    <subfield code="l">DAT01</subfield>
                    <subfield code="h">1030</subfield>
                </datafield>
                <datafield tag="CAT" ind1=" " ind2=" ">
                    <subfield code="a">bcadmin</subfield>
                    <subfield code="b">00</subfield>
                    <subfield code="c">20110317</subfield>
                    <subfield code="l">DAT01</subfield>
                    <subfield code="h">1039</subfield>
                </datafield>
                <datafield tag="856" ind1="4" ind2="9">
                    <subfield code="u">http://online.eastview.com/help/User_Guide.pdf</subfield>
                </datafield>
                <datafield tag="710" ind1="2" ind2=" ">
                    <subfield code="a">East View Information Services, Inc.</subfield>
                </datafield>
                <datafield tag="CAT" ind1=" " ind2=" ">
                    <subfield code="a">bcadmin</subfield>
                    <subfield code="b">00</subfield>
                    <subfield code="c">20110317</subfield>
                    <subfield code="l">DAT01</subfield>
                    <subfield code="h">1040</subfield>
                </datafield>
                <datafield tag="CAT" ind1=" " ind2=" ">
                    <subfield code="a">bcadmin</subfield>
                    <subfield code="b">00</subfield>
                    <subfield code="c">20110317</subfield>
                    <subfield code="l">DAT01</subfield>
                    <subfield code="h">1041</subfield>
                </datafield>
                <datafield tag="CAT" ind1=" " ind2=" ">
                    <subfield code="a">bcadmin</subfield>
                    <subfield code="b">00</subfield>
                    <subfield code="c">20110317</subfield>
                    <subfield code="l">DAT01</subfield>
                    <subfield code="h">1042</subfield>
                </datafield>
                <datafield tag="CAT" ind1=" " ind2=" ">
                    <subfield code="a">bcadmin</subfield>
                    <subfield code="b">00</subfield>
                    <subfield code="c">20110317</subfield>
                    <subfield code="l">DAT01</subfield>
                    <subfield code="h">1042</subfield>
                </datafield>
                <datafield tag="CAT" ind1=" " ind2=" ">
                    <subfield code="a">bcadmin</subfield>
                    <subfield code="b">00</subfield>
                    <subfield code="c">20110317</subfield>
                    <subfield code="l">DAT01</subfield>
                    <subfield code="h">1043</subfield>
                </datafield>
                <datafield tag="CAT" ind1=" " ind2=" ">
                    <subfield code="a">bcadmin</subfield>
                    <subfield code="b">00</subfield>
                    <subfield code="c">20110317</subfield>
                    <subfield code="l">DAT01</subfield>
                    <subfield code="h">1044</subfield>
                </datafield>
                <datafield tag="CAT" ind1=" " ind2=" ">
                    <subfield code="a">bcadmin</subfield>
                    <subfield code="b">00</subfield>
                    <subfield code="c">20110317</subfield>
                    <subfield code="l">DAT01</subfield>
                    <subfield code="h">1045</subfield>
                </datafield>
                <datafield tag="CAT" ind1=" " ind2=" ">
                    <subfield code="a">bcadmin</subfield>
                    <subfield code="b">00</subfield>
                    <subfield code="c">20110317</subfield>
                    <subfield code="l">DAT01</subfield>
                    <subfield code="h">1124</subfield>
                </datafield>
                <datafield tag="CAT" ind1=" " ind2=" ">
                    <subfield code="a">bcadmin</subfield>
                    <subfield code="b">00</subfield>
                    <subfield code="c">20110317</subfield>
                    <subfield code="l">DAT01</subfield>
                    <subfield code="h">1127</subfield>
                </datafield>
                <datafield tag="CAT" ind1=" " ind2=" ">
                    <subfield code="a">bcadmin</subfield>
                    <subfield code="b">00</subfield>
                    <subfield code="c">20110317</subfield>
                    <subfield code="l">DAT01</subfield>
                    <subfield code="h">1127</subfield>
                </datafield>
                <datafield tag="CAT" ind1=" " ind2=" ">
                    <subfield code="a">bcadmin</subfield>
                    <subfield code="b">00</subfield>
                    <subfield code="c">20110317</subfield>
                    <subfield code="l">DAT01</subfield>
                    <subfield code="h">1211</subfield>
                </datafield>
                <datafield tag="CAT" ind1=" " ind2=" ">
                    <subfield code="a">bcadmin</subfield>
                    <subfield code="b">00</subfield>
                    <subfield code="c">20110324</subfield>
                    <subfield code="l">DAT01</subfield>
                    <subfield code="h">1421</subfield>
                </datafield>
                <datafield tag="CAT" ind1=" " ind2=" ">
                    <subfield code="a">bcadmin</subfield>
                    <subfield code="b">00</subfield>
                    <subfield code="c">20110324</subfield>
                    <subfield code="l">DAT01</subfield>
                    <subfield code="h">1421</subfield>
                </datafield>
                <datafield tag="CAT" ind1=" " ind2=" ">
                    <subfield code="a">bcadmin</subfield>
                    <subfield code="b">00</subfield>
                    <subfield code="c">20110324</subfield>
                    <subfield code="l">DAT01</subfield>
                    <subfield code="h">1428</subfield>
                </datafield>
                <datafield tag="CAT" ind1=" " ind2=" ">
                    <subfield code="a">bcadmin</subfield>
                    <subfield code="b">00</subfield>
                    <subfield code="c">20110324</subfield>
                    <subfield code="l">DAT01</subfield>
                    <subfield code="h">1429</subfield>
                </datafield>
                <datafield tag="CAT" ind1=" " ind2=" ">
                    <subfield code="a">bcadmin</subfield>
                    <subfield code="b">00</subfield>
                    <subfield code="c">20110324</subfield>
                    <subfield code="l">DAT01</subfield>
                    <subfield code="h">1432</subfield>
                </datafield>
                <datafield tag="CAT" ind1=" " ind2=" ">
                    <subfield code="a">bcadmin</subfield>
                    <subfield code="b">00</subfield>
                    <subfield code="c">20121116</subfield>
                    <subfield code="l">DAT01</subfield>
                    <subfield code="h">1543</subfield>
                </datafield>
                <datafield tag="CAT" ind1=" " ind2=" ">
                    <subfield code="a">bcadmin</subfield>
                    <subfield code="b">00</subfield>
                    <subfield code="c">20121116</subfield>
                    <subfield code="l">DAT01</subfield>
                    <subfield code="h">1552</subfield>
                </datafield>
            </record>