
        </source_full_info>
        <source_full_info>
            <source_info>
                <source_internal_number>000001454</source_internal_number>
                <source_001>BCL02037</source_001>
                <source_name>Columbia International Affairs Online - CIAO</source_name>
                <source_short_name>Columbia International Affairs</source_short_name>
                <source_searchable_flag>Y</source_searchable_flag>
            </source_info>
            <record xmlns="http://www.loc.gov/MARC21/slim"
                    xmlns:xsi="http://www.w3.org/2001/XMLSchema-instance"
                    xsi:schemaLocation="http://www.loc.gov/MARC21/slim
http://www.loc.gov/standards/marcxml/schema/MARC21slim.xsd">
                <controlfield tag="001">BCL02037</controlfield>
                <datafield tag="245" ind1="1" ind2=" ">
                    <subfield code="a">Columbia International Affairs Online - CIAO</subfield>
                </datafield>
                <datafield tag="246" ind1="1" ind2=" ">
                    <subfield code="a">Ciaonet.org</subfield>
                </datafield>
                <datafield tag="246" ind1="1" ind2=" ">
                    <subfield code="a">Ciaonet</subfield>
                </datafield>
                <datafield tag="210" ind1=" " ind2=" ">
                    <subfield code="a">Columbia International Affairs</subfield>
                </datafield>
                <datafield tag="520" ind1=" " ind2=" ">
                    <subfield code="a">This resource for theory and research in international affairs includes policy
                        briefs, working papers from university research institutes, occasional papers series from NGOs,
                        proceedings from conferences, and foundation-funded research projects. Also includes Economist
                        Intelligence Unit data for over 200 countries.
                    </subfield>
                </datafield>
                <datafield tag="594" ind1=" " ind2=" ">
                    <subfield code="a">SUBSCRIPTION</subfield>
                </datafield>
                <datafield tag="110" ind1="2" ind2=" ">
                    <subfield code="a">Columbia University</subfield>
                </datafield>
                <datafield tag="TAR" ind1=" " ind2=" ">
                    <subfield code="f">Y</subfield>
                    <subfield code="a">CIAO</subfield>
                </datafield>
                <datafield tag="ZHS" ind1=" " ind2=" ">
                    <subfield code="a">http://search.columbia.edu/search?</subfield>
                </datafield>
                <datafield tag="PXY" ind1=" " ind2=" ">
                    <subfield code="a">Y</subfield>
                </datafield>
                <datafield tag="AF1" ind1=" " ind2=" ">
                    <subfield code="a">BCL</subfield>
                </datafield>
                <datafield tag="AF3" ind1=" " ind2=" ">
                    <subfield code="a">BC</subfield>
                </datafield>
                <datafield tag="STA" ind1=" " ind2=" ">
                    <subfield code="a">ACTIVE</subfield>
                </datafield>
                <controlfield tag="CKB">CKB06054</controlfield>
                <datafield tag="RNK" ind1=" " ind2=" ">
                    <subfield code="a">3</subfield>
                </datafield>
                <datafield tag="CJK" ind1=" " ind2=" ">
                    <subfield code="a">lat</subfield>
                </datafield>
                <controlfield tag="FMT">DD</controlfield>
                <datafield tag="ATG" ind1=" " ind2=" ">
                    <subfield code="a">RESTRICT</subfield>
                </datafield>
                <datafield tag="856" ind1="4" ind2="1">
                    <subfield code="u">http://www.ciaonet.org/</subfield>
                </datafield>
                <datafield tag="650" ind1=" " ind2=" ">
                    <subfield code="a">Political science</subfield>
                </datafield>
                <datafield tag="653" ind1=" " ind2=" ">
                    <subfield code="a">fulltext</subfield>
                </datafield>
                <datafield tag="650" ind1=" " ind2=" ">
                    <subfield code="a">Social sciences-general</subfield>
                </datafield>
                <datafield tag="856" ind1="4" ind2="9">
                    <subfield code="u">http://www.bc.edu/libraries/meta-elements/pdf/ciaohelp.pdf</subfield>
                </datafield>
                <datafield tag="655" ind1=" " ind2=" ">
                    <subfield code="a">E-books Documents</subfield>
                </datafield>
                <datafield tag="CAT" ind1=" " ind2=" ">
                    <subfield code="c">20041123</subfield>
                    <subfield code="l">DAT01</subfield>
                    <subfield code="h">1442</subfield>
                </datafield>
                <datafield tag="CAT" ind1=" " ind2=" ">
                    <subfield code="c">20041123</subfield>
                    <subfield code="l">DAT01</subfield>
                    <subfield code="h">1522</subfield>
                </datafield>
                <datafield tag="CAT" ind1=" " ind2=" ">
                    <subfield code="c">20041219</subfield>
                    <subfield code="l">DAT01</subfield>
                    <subfield code="h">2050</subfield>
                </datafield>
                <datafield tag="CAT" ind1=" " ind2=" ">
                    <subfield code="a">bc</subfield>
                    <subfield code="b">00</subfield>
                    <subfield code="c">20050725</subfield>
                    <subfield code="l">DAT01</subfield>
                    <subfield code="h">0925</subfield>
                </datafield>
                <datafield tag="CAT" ind1=" " ind2=" ">
                    <subfield code="a">bc</subfield>
                    <subfield code="b">00</subfield>
                    <subfield code="c">20070906</subfield>
                    <subfield code="l">DAT01</subfield>
                    <subfield code="h">0831</subfield>
                </datafield>
                <datafield tag="CAT" ind1=" " ind2=" ">
                    <subfield code="a">bcadmin</subfield>
                    <subfield code="b">00</subfield>
                    <subfield code="c">20071029</subfield>
                    <subfield code="l">DAT01</subfield>
                    <subfield code="h">1425</subfield>
                </datafield>
                <datafield tag="CAT" ind1=" " ind2=" ">
                    <subfield code="a">bcadmin</subfield>
                    <subfield code="b">00</subfield>
                    <subfield code="c">20090526</subfield>
                    <subfield code="l">DAT01</subfield>
                    <subfield code="h">1437</subfield>
                </datafield>
                <datafield tag="CAT" ind1=" " ind2=" ">
                    <subfield code="a">bcadmin</subfield>
                    <subfield code="b">00</subfield>
                    <subfield code="c">20090526</subfield>
                    <subfield code="l">DAT01</subfield>
                    <subfield code="h">1437</subfield>
                </datafield>
                <datafield tag="CAT" ind1=" " ind2=" ">
                    <subfield code="a">bcadmin</subfield>
                    <subfield code="b">00</subfield>
                    <subfield code="c">20090526</subfield>
                    <subfield code="l">DAT01</subfield>
                    <subfield code="h">1437</subfield>
                </datafield>
                <datafield tag="CAT" ind1=" " ind2=" ">
                    <subfield code="a">bcadmin</subfield>
                    <subfield code="b">00</subfield>
                    <subfield code="c">20090609</subfield>
                    <subfield code="l">DAT01</subfield>
                    <subfield code="h">1439</subfield>
                </datafield>
                <datafield tag="CAT" ind1=" " ind2=" ">
                    <subfield code="a">bcadmin</subfield>
                    <subfield code="b">00</subfield>
                    <subfield code="c">20090609</subfield>
                    <subfield code="l">DAT01</subfield>
                    <subfield code="h">1440</subfield>
                </datafield>
                <datafield tag="CAT" ind1=" " ind2=" ">
                    <subfield code="a">bcadmin</subfield>
                    <subfield code="b">00</subfield>
                    <subfield code="c">20091210</subfield>
                    <subfield code="l">DAT01</subfield>
                    <subfield code="h">1236</subfield>
                </datafield>
                <datafield tag="CAT" ind1=" " ind2=" ">
                    <subfield code="c">20091210</subfield>
                    <subfield code="l">DAT01</subfield>
                    <subfield code="h">1237</subfield>
                </datafield>
                <datafield tag="CAT" ind1=" " ind2=" ">
                    <subfield code="a">bcadmin</subfield>
                    <subfield code="b">00</subfield>
                    <subfield code="c">20100216</subfield>
                    <subfield code="l">DAT01</subfield>
                    <subfield code="h">1209</subfield>
                </datafield>
                <datafield tag="CAT" ind1=" " ind2=" ">
                    <subfield code="a">bcadmin</subfield>
                    <subfield code="b">00</subfield>
                    <subfield code="c">20100301</subfield>
                    <subfield code="l">DAT01</subfield>
                    <subfield code="h">1440</subfield>
                </datafield>
                <datafield tag="653" ind1=" " ind2=" ">
                    <subfield code="a">Political Science</subfield>
                </datafield>
                <datafield tag="CAT" ind1=" " ind2=" ">
                    <subfield code="a">bcadmin</subfield>
                    <subfield code="b">00</subfield>
                    <subfield code="c">20140127</subfield>
                    <subfield code="l">DAT01</subfield>
                    <subfield code="h">1640</subfield>
                </datafield>
                <datafield tag="CAT" ind1=" " ind2=" ">
                    <subfield code="a">bcadmin</subfield>
                    <subfield code="b">00</subfield>
                    <subfield code="c">20140910</subfield>
                    <subfield code="l">DAT01</subfield>
                    <subfield code="h">0853</subfield>
                </datafield>
            </record>