
        </source_full_info>
        <source_full_info>
            <source_info>
                <source_internal_number>000001426</source_internal_number>
                <source_001>BCL01861</source_001>
                <source_name>LexisNexis Academic</source_name>
                <source_short_name>LexisNexis Academic</source_short_name>
                <source_searchable_flag>N</source_searchable_flag>
            </source_info>
            <record xmlns="http://www.loc.gov/MARC21/slim"
                    xmlns:xsi="http://www.w3.org/2001/XMLSchema-instance"
                    xsi:schemaLocation="http://www.loc.gov/MARC21/slim
http://www.loc.gov/standards/marcxml/schema/MARC21slim.xsd">
                <controlfield tag="001">BCL01861</controlfield>
                <datafield tag="245" ind1="1" ind2=" ">
                    <subfield code="a">LexisNexis Academic</subfield>
                </datafield>
                <datafield tag="246" ind1="1" ind2=" ">
                    <subfield code="a">Lexis Nexis</subfield>
                </datafield>
                <datafield tag="210" ind1=" " ind2=" ">
                    <subfield code="a">LexisNexis Academic</subfield>
                </datafield>
                <datafield tag="520" ind1=" " ind2=" ">
                    <subfield code="a">Research areas in LEXIS-NEXIS Academic cover news,industry, and market news;
                        legal news and research; company financial information; general medical topics ; accounting,
                        auditing, and tax information; law reviews; case law; U.S. Code.
                    </subfield>
                </datafield>
                <datafield tag="506" ind1=" " ind2=" ">
                    <subfield code="a">By license.</subfield>
                </datafield>
                <datafield tag="594" ind1=" " ind2=" ">
                    <subfield code="a">SUBSCRIPTION</subfield>
                </datafield>
                <datafield tag="590" ind1=" " ind2=" ">
                    <subfield code="a">SFX:110997450724000</subfield>
                </datafield>
                <datafield tag="110" ind1="2" ind2=" ">
                    <subfield code="a">LexisNexis</subfield>
                </datafield>
                <datafield tag="TAR" ind1=" " ind2=" ">
                    <subfield code="f">Y</subfield>
                </datafield>
                <datafield tag="PXY" ind1=" " ind2=" ">
                    <subfield code="a">Y</subfield>
                </datafield>
                <datafield tag="AF1" ind1=" " ind2=" ">
                    <subfield code="a">BCL</subfield>
                </datafield>
                <datafield tag="AF3" ind1=" " ind2=" ">
                    <subfield code="a">BC</subfield>
                </datafield>
                <datafield tag="STA" ind1=" " ind2=" ">
                    <subfield code="a">ACTIVE</subfield>
                </datafield>
                <controlfield tag="CKB">CKB00142</controlfield>
                <datafield tag="RNK" ind1=" " ind2=" ">
                    <subfield code="a">3</subfield>
                </datafield>
                <datafield tag="CJK" ind1=" " ind2=" ">
                    <subfield code="a">lat</subfield>
                </datafield>
                <controlfield tag="FMT">DD</controlfield>
                <datafield tag="ATG" ind1=" " ind2=" ">
                    <subfield code="a">RESTRICT</subfield>
                </datafield>
                <datafield tag="655" ind1=" " ind2=" ">
                    <subfield code="a">Article Index Database</subfield>
                </datafield>
                <datafield tag="856" ind1="4" ind2="1">
                    <subfield code="u">http://www.lexisnexis.com/us/lnacademic</subfield>
                </datafield>
                <datafield tag="653" ind1=" " ind2=" ">
                    <subfield code="a">fulltext</subfield>
                </datafield>
                <datafield tag="650" ind1=" " ind2=" ">
                    <subfield code="a">Business</subfield>
                </datafield>
                <datafield tag="650" ind1=" " ind2=" ">
                    <subfield code="a">Law</subfield>
                </datafield>
                <datafield tag="650" ind1=" " ind2=" ">
                    <subfield code="a">Social sciences-general</subfield>
                </datafield>
                <datafield tag="CAT" ind1=" " ind2=" ">
                    <subfield code="c">20041123</subfield>
                    <subfield code="l">DAT01</subfield>
                    <subfield code="h">1436</subfield>
                </datafield>
                <datafield tag="CAT" ind1=" " ind2=" ">
                    <subfield code="c">20041123</subfield>
                    <subfield code="l">DAT01</subfield>
                    <subfield code="h">1521</subfield>
                </datafield>
                <datafield tag="CAT" ind1=" " ind2=" ">
                    <subfield code="c">20041219</subfield>
                    <subfield code="l">DAT01</subfield>
                    <subfield code="h">2049</subfield>
                </datafield>
                <datafield tag="CAT" ind1=" " ind2=" ">
                    <subfield code="a">bob</subfield>
                    <subfield code="b">00</subfield>
                    <subfield code="c">20051007</subfield>
                    <subfield code="l">DAT01</subfield>
                    <subfield code="h">1157</subfield>
                </datafield>
                <datafield tag="CAT" ind1=" " ind2=" ">
                    <subfield code="a">bob</subfield>
                    <subfield code="b">00</subfield>
                    <subfield code="c">20051007</subfield>
                    <subfield code="l">DAT01</subfield>
                    <subfield code="h">1157</subfield>
                </datafield>
                <datafield tag="CAT" ind1=" " ind2=" ">
                    <subfield code="a">bc</subfield>
                    <subfield code="b">00</subfield>
                    <subfield code="c">20070815</subfield>
                    <subfield code="l">DAT01</subfield>
                    <subfield code="h">1404</subfield>
                </datafield>
                <datafield tag="CAT" ind1=" " ind2=" ">
                    <subfield code="a">bcadmin</subfield>
                    <subfield code="b">00</subfield>
                    <subfield code="c">20090330</subfield>
                    <subfield code="l">DAT01</subfield>
                    <subfield code="h">1827</subfield>
                </datafield>
                <datafield tag="CAT" ind1=" " ind2=" ">
                    <subfield code="a">bcadmin</subfield>
                    <subfield code="b">00</subfield>
                    <subfield code="c">20100301</subfield>
                    <subfield code="l">DAT01</subfield>
                    <subfield code="h">1619</subfield>
                </datafield>
                <datafield tag="653" ind1=" " ind2=" ">
                    <subfield code="a">Law and Legal Studies</subfield>
                </datafield>
                <datafield tag="653" ind1=" " ind2=" ">
                    <subfield code="a">Journals and Magazines</subfield>
                </datafield>
                <datafield tag="653" ind1=" " ind2=" ">
                    <subfield code="a">Business News</subfield>
                </datafield>
                <datafield tag="653" ind1=" " ind2=" ">
                    <subfield code="a">International News</subfield>
                </datafield>
                <datafield tag="653" ind1=" " ind2=" ">
                    <subfield code="a">News Magazines</subfield>
                </datafield>
                <datafield tag="653" ind1=" " ind2=" ">
                    <subfield code="a">U.S. News</subfield>
                </datafield>
                <datafield tag="CAT" ind1=" " ind2=" ">
                    <subfield code="a">bcadmin</subfield>
                    <subfield code="b">00</subfield>
                    <subfield code="c">20140210</subfield>
                    <subfield code="l">DAT01</subfield>
                    <subfield code="h">1410</subfield>
                </datafield>
            </record>