
        </source_full_info>
        <source_full_info>
            <source_info>
                <source_internal_number>000001888</source_internal_number>
                <source_001>BCL01620</source_001>
                <source_name>Linguistics and Language Behavior Abstracts</source_name>
                <source_short_name>Linguistics and Language Behavior Abstracts</source_short_name>
                <source_searchable_flag>Y</source_searchable_flag>
            </source_info>
            <record xmlns="http://www.loc.gov/MARC21/slim"
                    xmlns:xsi="http://www.w3.org/2001/XMLSchema-instance"
                    xsi:schemaLocation="http://www.loc.gov/MARC21/slim
http://www.loc.gov/standards/marcxml/schema/MARC21slim.xsd">
                <controlfield tag="001">BCL01620</controlfield>
                <datafield tag="245" ind1="1" ind2=" ">
                    <subfield code="a">Linguistics and Language Behavior Abstracts</subfield>
                </datafield>
                <datafield tag="210" ind1=" " ind2=" ">
                    <subfield code="a">Linguistics and Language Behavior Abstracts</subfield>
                </datafield>
                <datafield tag="520" ind1=" " ind2=" ">
                    <subfield code="a">This database covers a wide range of areas related to the nature and use of
                        language. Major topics include phonetics, phonology, syntax and semantics. Complete coverage is
                        also given to various fields of linguistics including descriptive, historical, comparative,
                        theoretical and geographical linguistics.
                    </subfield>
                </datafield>
                <datafield tag="594" ind1=" " ind2=" ">
                    <subfield code="a">SUBSCRIPTION</subfield>
                </datafield>
                <datafield tag="500" ind1=" " ind2=" ">
                    <subfield code="a">1973-present</subfield>
                </datafield>
                <datafield tag="110" ind1="2" ind2=" ">
                    <subfield code="a">ProQuest Information and Learning Company</subfield>
                </datafield>
                <datafield tag="TAR" ind1=" " ind2=" ">
                    <subfield code="a">PQ_MS</subfield>
                    <subfield code="f">Y</subfield>
                </datafield>
                <datafield tag="ZAT" ind1=" " ind2=" ">
                    <subfield code="a">Bostonco/Bostonco</subfield>
                </datafield>
                <datafield tag="ZHS" ind1=" " ind2=" ">
                    <subfield code="a">http://fedsearch.proquest.com/search/sru/</subfield>
                </datafield>
                <datafield tag="ZDC" ind1=" " ind2=" ">
                    <subfield code="a">llba</subfield>
                </datafield>
                <datafield tag="PXY" ind1=" " ind2=" ">
                    <subfield code="a">Y</subfield>
                </datafield>
                <datafield tag="AF1" ind1=" " ind2=" ">
                    <subfield code="a">BCL</subfield>
                </datafield>
                <datafield tag="AF3" ind1=" " ind2=" ">
                    <subfield code="a">BC</subfield>
                </datafield>
                <datafield tag="STA" ind1=" " ind2=" ">
                    <subfield code="a">ACTIVE</subfield>
                </datafield>
                <controlfield tag="CKB">CKB06413</controlfield>
                <datafield tag="RNK" ind1=" " ind2=" ">
                    <subfield code="a">5</subfield>
                </datafield>
                <datafield tag="CJK" ind1=" " ind2=" ">
                    <subfield code="a">lat</subfield>
                </datafield>
                <controlfield tag="FMT">DD</controlfield>
                <datafield tag="ATG" ind1=" " ind2=" ">
                    <subfield code="a">RESTRICT</subfield>
                </datafield>
                <datafield tag="655" ind1=" " ind2=" ">
                    <subfield code="a">Article Index Database</subfield>
                </datafield>
                <datafield tag="856" ind1="4" ind2="1">
                    <subfield code="u">http://search.proquest.com/llba/advanced?</subfield>
                </datafield>
                <datafield tag="650" ind1=" " ind2=" ">
                    <subfield code="a">Linguistics</subfield>
                </datafield>
                <datafield tag="650" ind1=" " ind2=" ">
                    <subfield code="a">Psychology</subfield>
                </datafield>
                <datafield tag="CAT" ind1=" " ind2=" ">
                    <subfield code="c">20041123</subfield>
                    <subfield code="l">DAT01</subfield>
                    <subfield code="h">1455</subfield>
                </datafield>
                <datafield tag="CAT" ind1=" " ind2=" ">
                    <subfield code="c">20041123</subfield>
                    <subfield code="l">DAT01</subfield>
                    <subfield code="h">1527</subfield>
                </datafield>
                <datafield tag="CAT" ind1=" " ind2=" ">
                    <subfield code="c">20041219</subfield>
                    <subfield code="l">DAT01</subfield>
                    <subfield code="h">2054</subfield>
                </datafield>
                <datafield tag="CAT" ind1=" " ind2=" ">
                    <subfield code="a">bc</subfield>
                    <subfield code="b">00</subfield>
                    <subfield code="c">20050110</subfield>
                    <subfield code="l">DAT01</subfield>
                    <subfield code="h">1150</subfield>
                </datafield>
                <datafield tag="CAT" ind1=" " ind2=" ">
                    <subfield code="a">bc</subfield>
                    <subfield code="b">00</subfield>
                    <subfield code="c">20050406</subfield>
                    <subfield code="l">DAT01</subfield>
                    <subfield code="h">2036</subfield>
                </datafield>
                <datafield tag="CAT" ind1=" " ind2=" ">
                    <subfield code="a">bc</subfield>
                    <subfield code="b">00</subfield>
                    <subfield code="c">20050407</subfield>
                    <subfield code="l">DAT01</subfield>
                    <subfield code="h">1520</subfield>
                </datafield>
                <datafield tag="856" ind1="4" ind2="3">
                    <subfield code="u">$856_u</subfield>
                </datafield>
                <datafield tag="CAT" ind1=" " ind2=" ">
                    <subfield code="a">bob</subfield>
                    <subfield code="b">00</subfield>
                    <subfield code="c">20061017</subfield>
                    <subfield code="l">DAT01</subfield>
                    <subfield code="h">1336</subfield>
                </datafield>
                <datafield tag="CAT" ind1=" " ind2=" ">
                    <subfield code="a">bcadmin</subfield>
                    <subfield code="b">00</subfield>
                    <subfield code="c">20081126</subfield>
                    <subfield code="l">DAT01</subfield>
                    <subfield code="h">1113</subfield>
                </datafield>
                <datafield tag="CAT" ind1=" " ind2=" ">
                    <subfield code="a">bcadmin</subfield>
                    <subfield code="b">00</subfield>
                    <subfield code="c">20090707</subfield>
                    <subfield code="l">DAT01</subfield>
                    <subfield code="h">1627</subfield>
                </datafield>
                <datafield tag="CAT" ind1=" " ind2=" ">
                    <subfield code="a">bcadmin</subfield>
                    <subfield code="b">00</subfield>
                    <subfield code="c">20090707</subfield>
                    <subfield code="l">DAT01</subfield>
                    <subfield code="h">1628</subfield>
                </datafield>
                <datafield tag="CAT" ind1=" " ind2=" ">
                    <subfield code="a">bcadmin</subfield>
                    <subfield code="b">00</subfield>
                    <subfield code="c">20090707</subfield>
                    <subfield code="l">DAT01</subfield>
                    <subfield code="h">1628</subfield>
                </datafield>
                <datafield tag="CAT" ind1=" " ind2=" ">
                    <subfield code="a">bcadmin</subfield>
                    <subfield code="b">00</subfield>
                    <subfield code="c">20090707</subfield>
                    <subfield code="l">DAT01</subfield>
                    <subfield code="h">1636</subfield>
                </datafield>
                <datafield tag="CAT" ind1=" " ind2=" ">
                    <subfield code="a">bcadmin</subfield>
                    <subfield code="b">00</subfield>
                    <subfield code="c">20090707</subfield>
                    <subfield code="l">DAT01</subfield>
                    <subfield code="h">1638</subfield>
                </datafield>
                <datafield tag="CAT" ind1=" " ind2=" ">
                    <subfield code="a">bcadmin</subfield>
                    <subfield code="b">00</subfield>
                    <subfield code="c">20090707</subfield>
                    <subfield code="l">DAT01</subfield>
                    <subfield code="h">1720</subfield>
                </datafield>
                <datafield tag="CAT" ind1=" " ind2=" ">
                    <subfield code="c">20120604</subfield>
                    <subfield code="l">DAT01</subfield>
                    <subfield code="h">1536</subfield>
                </datafield>
                <datafield tag="CAT" ind1=" " ind2=" ">
                    <subfield code="a">bcadmin</subfield>
                    <subfield code="b">00</subfield>
                    <subfield code="c">20120604</subfield>
                    <subfield code="l">DAT01</subfield>
                    <subfield code="h">1538</subfield>
                </datafield>
                <datafield tag="CAT" ind1=" " ind2=" ">
                    <subfield code="a">bcadmin</subfield>
                    <subfield code="b">00</subfield>
                    <subfield code="c">20120604</subfield>
                    <subfield code="l">DAT01</subfield>
                    <subfield code="h">1538</subfield>
                </datafield>
                <datafield tag="CAT" ind1=" " ind2=" ">
                    <subfield code="a">bcadmin</subfield>
                    <subfield code="b">00</subfield>
                    <subfield code="c">20120604</subfield>
                    <subfield code="l">DAT01</subfield>
                    <subfield code="h">1539</subfield>
                </datafield>
                <datafield tag="653" ind1=" " ind2=" ">
                    <subfield code="a">Linguistics</subfield>
                </datafield>
                <datafield tag="CAT" ind1=" " ind2=" ">
                    <subfield code="a">bcadmin</subfield>
                    <subfield code="b">00</subfield>
                    <subfield code="c">20140128</subfield>
                    <subfield code="l">DAT01</subfield>
                    <subfield code="h">1431</subfield>
                </datafield>
            </record>