
        </source_full_info>
        <source_full_info>
            <source_info>
                <source_internal_number>000003359</source_internal_number>
                <source_001>BCL03023</source_001>
                <source_name>MLA International Bibliography</source_name>
                <source_short_name>MLA International Bibliography</source_short_name>
                <source_searchable_flag>Y</source_searchable_flag>
            </source_info>
            <record xmlns="http://www.loc.gov/MARC21/slim"
                    xmlns:xsi="http://www.w3.org/2001/XMLSchema-instance"
                    xsi:schemaLocation="http://www.loc.gov/MARC21/slim
http://www.loc.gov/standards/marcxml/schema/MARC21slim.xsd">
                <controlfield tag="001">BCL03023</controlfield>
                <datafield tag="245" ind1="1" ind2=" ">
                    <subfield code="a">MLA International Bibliography</subfield>
                </datafield>
                <datafield tag="210" ind1=" " ind2=" ">
                    <subfield code="a">MLA International Bibliography</subfield>
                </datafield>
                <datafield tag="594" ind1=" " ind2=" ">
                    <subfield code="a">SUBSCRIPTION</subfield>
                </datafield>
                <datafield tag="520" ind1=" " ind2=" ">
                    <subfield code="a">The MLA International Bibliography, produced by the Modern Language Association
                        (MLA), is a subject index for books and articles published on modern languages, literatures,
                        folklore, and linguistics. This electronic version of the Bibliography dates back to 1926 and
                        contains over 1.7 million citations from more than 4,400 periodicals (including peer-reviewed
                        e-journals) and 1,000 book publishers. The coverage is international and is represented by
                        literature from Africa, Asia, Australia, Europe, and North and South America. While the majority
                        of records are from English-language publications, at least sixty other languages are
                        represented including French, Spanish, German, Russian, Portuguese, Norwegian, and Swedish.
                    </subfield>
                </datafield>
                <datafield tag="513" ind1=" " ind2=" ">
                    <subfield code="a">1923-present</subfield>
                </datafield>
                <datafield tag="110" ind1="2" ind2=" ">
                    <subfield code="a">ProQuest Information and Learning Company</subfield>
                </datafield>
                <datafield tag="TAR" ind1=" " ind2=" ">
                    <subfield code="a">PQ_MS</subfield>
                    <subfield code="f">Y</subfield>
                </datafield>
                <datafield tag="ZAT" ind1=" " ind2=" ">
                    <subfield code="a">Bostonco/Bostonco</subfield>
                </datafield>
                <datafield tag="ZHS" ind1=" " ind2=" ">
                    <subfield code="a">http://fedsearch.proquest.com/search/sru/</subfield>
                </datafield>
                <datafield tag="ZDC" ind1=" " ind2=" ">
                    <subfield code="a">mlaib</subfield>
                </datafield>
                <datafield tag="PXY" ind1=" " ind2=" ">
                    <subfield code="a">Y</subfield>
                </datafield>
                <datafield tag="AF1" ind1=" " ind2=" ">
                    <subfield code="a">BCL</subfield>
                </datafield>
                <datafield tag="AF3" ind1=" " ind2=" ">
                    <subfield code="a">BC</subfield>
                </datafield>
                <datafield tag="STA" ind1=" " ind2=" ">
                    <subfield code="a">ACTIVE</subfield>
                </datafield>
                <controlfield tag="CKB">CKB06481</controlfield>
                <datafield tag="NWD" ind1=" " ind2=" ">
                    <subfield code="a">20050201</subfield>
                </datafield>
                <datafield tag="RNK" ind1=" " ind2=" ">
                    <subfield code="a">3</subfield>
                </datafield>
                <datafield tag="CJK" ind1=" " ind2=" ">
                    <subfield code="a">lat</subfield>
                </datafield>
                <controlfield tag="FMT">DD</controlfield>
                <datafield tag="CAT" ind1=" " ind2=" ">
                    <subfield code="a">bc</subfield>
                    <subfield code="b">00</subfield>
                    <subfield code="c">20041222</subfield>
                    <subfield code="l">DAT01</subfield>
                    <subfield code="h">0856</subfield>
                </datafield>
                <datafield tag="856" ind1="4" ind2="1">
                    <subfield code="u">http://search.proquest.com/mlaib/advanced?</subfield>
                </datafield>
                <datafield tag="CAT" ind1=" " ind2=" ">
                    <subfield code="a">bc</subfield>
                    <subfield code="b">00</subfield>
                    <subfield code="c">20041222</subfield>
                    <subfield code="l">DAT01</subfield>
                    <subfield code="h">0857</subfield>
                </datafield>
                <datafield tag="655" ind1=" " ind2=" ">
                    <subfield code="a">Article Index Database</subfield>
                </datafield>
                <datafield tag="CAT" ind1=" " ind2=" ">
                    <subfield code="a">bc</subfield>
                    <subfield code="b">00</subfield>
                    <subfield code="c">20041222</subfield>
                    <subfield code="l">DAT01</subfield>
                    <subfield code="h">0857</subfield>
                </datafield>
                <datafield tag="CAT" ind1=" " ind2=" ">
                    <subfield code="a">bc</subfield>
                    <subfield code="b">00</subfield>
                    <subfield code="c">20041222</subfield>
                    <subfield code="l">DAT01</subfield>
                    <subfield code="h">0858</subfield>
                </datafield>
                <datafield tag="CAT" ind1=" " ind2=" ">
                    <subfield code="a">bob</subfield>
                    <subfield code="b">00</subfield>
                    <subfield code="c">20050120</subfield>
                    <subfield code="l">DAT01</subfield>
                    <subfield code="h">0906</subfield>
                </datafield>
                <datafield tag="CAT" ind1=" " ind2=" ">
                    <subfield code="a">bob</subfield>
                    <subfield code="b">00</subfield>
                    <subfield code="c">20050120</subfield>
                    <subfield code="l">DAT01</subfield>
                    <subfield code="h">0906</subfield>
                </datafield>
                <datafield tag="CAT" ind1=" " ind2=" ">
                    <subfield code="a">bob</subfield>
                    <subfield code="b">00</subfield>
                    <subfield code="c">20050120</subfield>
                    <subfield code="l">DAT01</subfield>
                    <subfield code="h">0907</subfield>
                </datafield>
                <datafield tag="CAT" ind1=" " ind2=" ">
                    <subfield code="a">bob</subfield>
                    <subfield code="b">00</subfield>
                    <subfield code="c">20050120</subfield>
                    <subfield code="l">DAT01</subfield>
                    <subfield code="h">0912</subfield>
                </datafield>
                <datafield tag="CAT" ind1=" " ind2=" ">
                    <subfield code="a">bc</subfield>
                    <subfield code="b">00</subfield>
                    <subfield code="c">20050328</subfield>
                    <subfield code="l">DAT01</subfield>
                    <subfield code="h">1034</subfield>
                </datafield>
                <datafield tag="CAT" ind1=" " ind2=" ">
                    <subfield code="a">bob</subfield>
                    <subfield code="b">00</subfield>
                    <subfield code="c">20050429</subfield>
                    <subfield code="l">DAT01</subfield>
                    <subfield code="h">1244</subfield>
                </datafield>
                <datafield tag="CAT" ind1=" " ind2=" ">
                    <subfield code="a">bob</subfield>
                    <subfield code="b">00</subfield>
                    <subfield code="c">20050501</subfield>
                    <subfield code="l">DAT01</subfield>
                    <subfield code="h">2135</subfield>
                </datafield>
                <datafield tag="CAT" ind1=" " ind2=" ">
                    <subfield code="a">bob</subfield>
                    <subfield code="b">00</subfield>
                    <subfield code="c">20050502</subfield>
                    <subfield code="l">DAT01</subfield>
                    <subfield code="h">1538</subfield>
                </datafield>
                <datafield tag="CAT" ind1=" " ind2=" ">
                    <subfield code="a">bob</subfield>
                    <subfield code="b">00</subfield>
                    <subfield code="c">20050502</subfield>
                    <subfield code="l">DAT01</subfield>
                    <subfield code="h">1540</subfield>
                </datafield>
                <datafield tag="CAT" ind1=" " ind2=" ">
                    <subfield code="a">bob</subfield>
                    <subfield code="b">00</subfield>
                    <subfield code="c">20050511</subfield>
                    <subfield code="l">DAT01</subfield>
                    <subfield code="h">1558</subfield>
                </datafield>
                <datafield tag="CAT" ind1=" " ind2=" ">
                    <subfield code="a">bob</subfield>
                    <subfield code="b">00</subfield>
                    <subfield code="c">20050511</subfield>
                    <subfield code="l">DAT01</subfield>
                    <subfield code="h">1602</subfield>
                </datafield>
                <datafield tag="CAT" ind1=" " ind2=" ">
                    <subfield code="a">bc</subfield>
                    <subfield code="b">00</subfield>
                    <subfield code="c">20050826</subfield>
                    <subfield code="l">DAT01</subfield>
                    <subfield code="h">0900</subfield>
                </datafield>
                <datafield tag="CAT" ind1=" " ind2=" ">
                    <subfield code="a">bc</subfield>
                    <subfield code="b">00</subfield>
                    <subfield code="c">20060530</subfield>
                    <subfield code="l">DAT01</subfield>
                    <subfield code="h">1221</subfield>
                </datafield>
                <datafield tag="CAT" ind1=" " ind2=" ">
                    <subfield code="a">bc</subfield>
                    <subfield code="b">00</subfield>
                    <subfield code="c">20060530</subfield>
                    <subfield code="l">DAT01</subfield>
                    <subfield code="h">1222</subfield>
                </datafield>
                <datafield tag="CAT" ind1=" " ind2=" ">
                    <subfield code="a">bc</subfield>
                    <subfield code="b">00</subfield>
                    <subfield code="c">20060629</subfield>
                    <subfield code="l">DAT01</subfield>
                    <subfield code="h">1024</subfield>
                </datafield>
                <datafield tag="CAT" ind1=" " ind2=" ">
                    <subfield code="a">bc</subfield>
                    <subfield code="b">00</subfield>
                    <subfield code="c">20060629</subfield>
                    <subfield code="l">DAT01</subfield>
                    <subfield code="h">1024</subfield>
                </datafield>
                <datafield tag="CAT" ind1=" " ind2=" ">
                    <subfield code="a">bc</subfield>
                    <subfield code="b">00</subfield>
                    <subfield code="c">20060629</subfield>
                    <subfield code="l">DAT01</subfield>
                    <subfield code="h">1025</subfield>
                </datafield>
                <datafield tag="856" ind1="4" ind2="3">
                    <subfield code="u">$956_u</subfield>
                </datafield>
                <datafield tag="CAT" ind1=" " ind2=" ">
                    <subfield code="a">bob</subfield>
                    <subfield code="b">00</subfield>
                    <subfield code="c">20061017</subfield>
                    <subfield code="l">DAT01</subfield>
                    <subfield code="h">1335</subfield>
                </datafield>
                <datafield tag="CAT" ind1=" " ind2=" ">
                    <subfield code="c">20080117</subfield>
                    <subfield code="l">DAT01</subfield>
                    <subfield code="h">1219</subfield>
                </datafield>
                <datafield tag="CAT" ind1=" " ind2=" ">
                    <subfield code="a">bob</subfield>
                    <subfield code="b">00</subfield>
                    <subfield code="c">20080716</subfield>
                    <subfield code="l">DAT01</subfield>
                    <subfield code="h">1242</subfield>
                </datafield>
                <datafield tag="CAT" ind1=" " ind2=" ">
                    <subfield code="c">20120604</subfield>
                    <subfield code="l">DAT01</subfield>
                    <subfield code="h">1634</subfield>
                </datafield>
                <datafield tag="CAT" ind1=" " ind2=" ">
                    <subfield code="a">bcadmin</subfield>
                    <subfield code="b">00</subfield>
                    <subfield code="c">20120604</subfield>
                    <subfield code="l">DAT01</subfield>
                    <subfield code="h">1637</subfield>
                </datafield>
                <datafield tag="CAT" ind1=" " ind2=" ">
                    <subfield code="a">bcadmin</subfield>
                    <subfield code="b">00</subfield>
                    <subfield code="c">20120604</subfield>
                    <subfield code="l">DAT01</subfield>
                    <subfield code="h">1637</subfield>
                </datafield>
                <datafield tag="CAT" ind1=" " ind2=" ">
                    <subfield code="a">bcadmin</subfield>
                    <subfield code="b">00</subfield>
                    <subfield code="c">20120604</subfield>
                    <subfield code="l">DAT01</subfield>
                    <subfield code="h">1638</subfield>
                </datafield>
                <datafield tag="CAT" ind1=" " ind2=" ">
                    <subfield code="a">bcadmin</subfield>
                    <subfield code="b">00</subfield>
                    <subfield code="c">20120604</subfield>
                    <subfield code="l">DAT01</subfield>
                    <subfield code="h">1639</subfield>
                </datafield>
                <datafield tag="CAT" ind1=" " ind2=" ">
                    <subfield code="a">bcadmin</subfield>
                    <subfield code="b">00</subfield>
                    <subfield code="c">20120604</subfield>
                    <subfield code="l">DAT01</subfield>
                    <subfield code="h">1640</subfield>
                </datafield>
                <datafield tag="CAT" ind1=" " ind2=" ">
                    <subfield code="c">20120604</subfield>
                    <subfield code="l">DAT01</subfield>
                    <subfield code="h">1640</subfield>
                </datafield>
                <datafield tag="CAT" ind1=" " ind2=" ">
                    <subfield code="a">bcadmin</subfield>
                    <subfield code="b">00</subfield>
                    <subfield code="c">20140203</subfield>
                    <subfield code="l">DAT01</subfield>
                    <subfield code="h">1459</subfield>
                </datafield>
            </record>