
        </source_full_info>
        <source_full_info>
            <source_info>
                <source_internal_number>000007953</source_internal_number>
                <source_001>BCL06322</source_001>
                <source_name>Oxford Bibliographies Online: Chinese Studies</source_name>
                <source_short_name>Oxford Bibliographies Online: Chinese Studies</source_short_name>
                <source_searchable_flag>N</source_searchable_flag>
            </source_info>
            <record xmlns="http://www.loc.gov/MARC21/slim"
                    xmlns:xsi="http://www.w3.org/2001/XMLSchema-instance"
                    xsi:schemaLocation="http://www.loc.gov/MARC21/slim
http://www.loc.gov/standards/marcxml/schema/MARC21slim.xsd">
                <controlfield tag="001">BCL06322</controlfield>
                <datafield tag="245" ind1="1" ind2=" ">
                    <subfield code="a">Oxford Bibliographies Online: Chinese Studies</subfield>
                </datafield>
                <datafield tag="210" ind1=" " ind2=" ">
                    <subfield code="a">Oxford Bibliographies Online: Chinese Studies</subfield>
                </datafield>
                <datafield tag="594" ind1=" " ind2=" ">
                    <subfield code="a">SUBSCRIPTION</subfield>
                </datafield>
                <datafield tag="520" ind1=" " ind2=" ">
                    <subfield code="a">Authoritative resource guide to Chinese Studies with annotated bibliography
                    </subfield>
                </datafield>
                <datafield tag="110" ind1="2" ind2=" ">
                    <subfield code="a">Oxford University Press</subfield>
                </datafield>
                <datafield tag="TAR" ind1=" " ind2=" ">
                    <subfield code="f">Y</subfield>
                </datafield>
                <datafield tag="PXY" ind1=" " ind2=" ">
                    <subfield code="a">Y</subfield>
                </datafield>
                <datafield tag="AF1" ind1=" " ind2=" ">
                    <subfield code="a">BCL</subfield>
                </datafield>
                <datafield tag="AF3" ind1=" " ind2=" ">
                    <subfield code="a">BC</subfield>
                </datafield>
                <datafield tag="STA" ind1=" " ind2=" ">
                    <subfield code="a">ACTIVE</subfield>
                </datafield>
                <datafield tag="RNK" ind1=" " ind2=" ">
                    <subfield code="a">3</subfield>
                </datafield>
                <datafield tag="CJK" ind1=" " ind2=" ">
                    <subfield code="a">lat</subfield>
                </datafield>
                <controlfield tag="FMT">DD</controlfield>
                <datafield tag="CAT" ind1=" " ind2=" ">
                    <subfield code="a">bcadmin</subfield>
                    <subfield code="b">00</subfield>
                    <subfield code="c">20140414</subfield>
                    <subfield code="l">DAT01</subfield>
                    <subfield code="h">1236</subfield>
                </datafield>
                <datafield tag="856" ind1="4" ind2="1">
                    <subfield code="u">http://www.oxfordbibliographies.com/browse?module_0=obo-9780199920082</subfield>
                </datafield>
                <datafield tag="CAT" ind1=" " ind2=" ">
                    <subfield code="a">bcadmin</subfield>
                    <subfield code="b">00</subfield>
                    <subfield code="c">20140414</subfield>
                    <subfield code="l">DAT01</subfield>
                    <subfield code="h">1237</subfield>
                </datafield>
                <datafield tag="655" ind1=" " ind2=" ">
                    <subfield code="a">Reference Source</subfield>
                </datafield>
                <datafield tag="CAT" ind1=" " ind2=" ">
                    <subfield code="a">bcadmin</subfield>
                    <subfield code="b">00</subfield>
                    <subfield code="c">20140414</subfield>
                    <subfield code="l">DAT01</subfield>
                    <subfield code="h">1238</subfield>
                </datafield>
                <datafield tag="CAT" ind1=" " ind2=" ">
                    <subfield code="a">bcadmin</subfield>
                    <subfield code="b">00</subfield>
                    <subfield code="c">20140414</subfield>
                    <subfield code="l">DAT01</subfield>
                    <subfield code="h">1238</subfield>
                </datafield>
            </record>