
        </source_full_info>
        <source_full_info>
            <source_info>
                <source_internal_number>000003444</source_internal_number>
                <source_001>BCL02362</source_001>
                <source_name>Social Sciences Citation Index (Web of Science)</source_name>
                <source_short_name>Social Sciences Citation Index</source_short_name>
                <source_searchable_flag>Y</source_searchable_flag>
            </source_info>
            <record xmlns="http://www.loc.gov/MARC21/slim"
                    xmlns:xsi="http://www.w3.org/2001/XMLSchema-instance"
                    xsi:schemaLocation="http://www.loc.gov/MARC21/slim
http://www.loc.gov/standards/marcxml/schema/MARC21slim.xsd">
                <controlfield tag="001">BCL02362</controlfield>
                <datafield tag="245" ind1="1" ind2=" ">
                    <subfield code="a">Social Sciences Citation Index (Web of Science)</subfield>
                </datafield>
                <datafield tag="210" ind1=" " ind2=" ">
                    <subfield code="a">Social Sciences Citation Index</subfield>
                </datafield>
                <datafield tag="520" ind1=" " ind2=" ">
                    <subfield code="a">The Social Sciences Citation Index is a multidisciplinary database, with
                        searchable author abstracts, covering the journal literature of the social sciences. A subfile
                        of the Web of Science database, it indexes more than 1,725 journals spanning 50 disciplines, as
                        well as covering individually selected, relevant items from over 3,300 of the world's leading
                        scientific and technical journals. Use the Current Limits link at the bottom of the page to
                        limit searching to this database.
                    </subfield>
                </datafield>
                <datafield tag="594" ind1=" " ind2=" ">
                    <subfield code="a">SUBSCRIPTION</subfield>
                </datafield>
                <datafield tag="500" ind1=" " ind2=" ">
                    <subfield code="a">1956-present</subfield>
                </datafield>
                <datafield tag="590" ind1=" " ind2=" ">
                    <subfield code="a">SFX:110975528195367</subfield>
                </datafield>
                <datafield tag="591" ind1=" " ind2=" ">
                    <subfield code="a">BC</subfield>
                </datafield>
                <datafield tag="110" ind1="2" ind2=" ">
                    <subfield code="a">Institute for Scientific Information (ISI)</subfield>
                </datafield>
                <datafield tag="TAR" ind1=" " ind2=" ">
                    <subfield code="a">ISI_WOS_XML_NEW</subfield>
                </datafield>
                <datafield tag="ZHS" ind1=" " ind2=" ">
                    <subfield code="a">http://search.isiknowledge.com/esti/wokmws/ws/WokSearch?</subfield>
                </datafield>
                <datafield tag="ZDC" ind1=" " ind2=" ">
                    <subfield code="a">WOS/WOS/SSCI</subfield>
                </datafield>
                <datafield tag="PXY" ind1=" " ind2=" ">
                    <subfield code="a">Y</subfield>
                </datafield>
                <datafield tag="AF1" ind1=" " ind2=" ">
                    <subfield code="a">BCL</subfield>
                </datafield>
                <datafield tag="AF3" ind1=" " ind2=" ">
                    <subfield code="a">BC</subfield>
                </datafield>
                <datafield tag="STA" ind1=" " ind2=" ">
                    <subfield code="a">ACTIVE</subfield>
                </datafield>
                <controlfield tag="CKB">CKB06658</controlfield>
                <datafield tag="RNK" ind1=" " ind2=" ">
                    <subfield code="a">3</subfield>
                </datafield>
                <datafield tag="CJK" ind1=" " ind2=" ">
                    <subfield code="a">lat</subfield>
                </datafield>
                <controlfield tag="FMT">DD</controlfield>
                <datafield tag="ATG" ind1=" " ind2=" ">
                    <subfield code="a">RESTRICT</subfield>
                </datafield>
                <datafield tag="655" ind1=" " ind2=" ">
                    <subfield code="a">Article Index Database</subfield>
                </datafield>
                <datafield tag="650" ind1=" " ind2=" ">
                    <subfield code="a">Social sciences-general</subfield>
                </datafield>
                <datafield tag="856" ind1="4" ind2="1">
                    <subfield code="u">http://webofknowledge.com/?DestApp=WOS&amp;editions=SSCI</subfield>
                </datafield>
                <datafield tag="CAT" ind1=" " ind2=" ">
                    <subfield code="c">20041123</subfield>
                    <subfield code="l">DAT01</subfield>
                    <subfield code="h">1451</subfield>
                </datafield>
                <datafield tag="CAT" ind1=" " ind2=" ">
                    <subfield code="c">20041123</subfield>
                    <subfield code="l">DAT01</subfield>
                    <subfield code="h">1525</subfield>
                </datafield>
                <datafield tag="CAT" ind1=" " ind2=" ">
                    <subfield code="c">20041219</subfield>
                    <subfield code="l">DAT01</subfield>
                    <subfield code="h">2053</subfield>
                </datafield>
                <datafield tag="CAT" ind1=" " ind2=" ">
                    <subfield code="a">bc</subfield>
                    <subfield code="b">00</subfield>
                    <subfield code="c">20050725</subfield>
                    <subfield code="l">DAT01</subfield>
                    <subfield code="h">0913</subfield>
                </datafield>
                <datafield tag="CAT" ind1=" " ind2=" ">
                    <subfield code="a">bob</subfield>
                    <subfield code="b">00</subfield>
                    <subfield code="c">20051013</subfield>
                    <subfield code="l">DAT01</subfield>
                    <subfield code="h">1729</subfield>
                </datafield>
                <datafield tag="CAT" ind1=" " ind2=" ">
                    <subfield code="a">bob</subfield>
                    <subfield code="b">00</subfield>
                    <subfield code="c">20051013</subfield>
                    <subfield code="l">DAT01</subfield>
                    <subfield code="h">1729</subfield>
                </datafield>
                <datafield tag="CAT" ind1=" " ind2=" ">
                    <subfield code="a">bob</subfield>
                    <subfield code="b">00</subfield>
                    <subfield code="c">20051013</subfield>
                    <subfield code="l">DAT01</subfield>
                    <subfield code="h">1746</subfield>
                </datafield>
                <datafield tag="CAT" ind1=" " ind2=" ">
                    <subfield code="a">bob</subfield>
                    <subfield code="b">00</subfield>
                    <subfield code="c">20051013</subfield>
                    <subfield code="l">DAT01</subfield>
                    <subfield code="h">1747</subfield>
                </datafield>
                <datafield tag="CAT" ind1=" " ind2=" ">
                    <subfield code="a">bob</subfield>
                    <subfield code="b">00</subfield>
                    <subfield code="c">20051013</subfield>
                    <subfield code="l">DAT01</subfield>
                    <subfield code="h">1747</subfield>
                </datafield>
                <datafield tag="CAT" ind1=" " ind2=" ">
                    <subfield code="a">bc</subfield>
                    <subfield code="b">00</subfield>
                    <subfield code="c">20060619</subfield>
                    <subfield code="l">DAT01</subfield>
                    <subfield code="h">1252</subfield>
                </datafield>
                <datafield tag="CAT" ind1=" " ind2=" ">
                    <subfield code="a">bc</subfield>
                    <subfield code="b">00</subfield>
                    <subfield code="c">20060619</subfield>
                    <subfield code="l">DAT01</subfield>
                    <subfield code="h">1252</subfield>
                </datafield>
                <datafield tag="CAT" ind1=" " ind2=" ">
                    <subfield code="a">bc</subfield>
                    <subfield code="b">00</subfield>
                    <subfield code="c">20070322</subfield>
                    <subfield code="l">DAT01</subfield>
                    <subfield code="h">1504</subfield>
                </datafield>
                <datafield tag="CAT" ind1=" " ind2=" ">
                    <subfield code="a">bcadmin</subfield>
                    <subfield code="b">00</subfield>
                    <subfield code="c">20080206</subfield>
                    <subfield code="l">DAT01</subfield>
                    <subfield code="h">1314</subfield>
                </datafield>
                <datafield tag="CAT" ind1=" " ind2=" ">
                    <subfield code="a">bcadmin</subfield>
                    <subfield code="b">00</subfield>
                    <subfield code="c">20080206</subfield>
                    <subfield code="l">DAT01</subfield>
                    <subfield code="h">1315</subfield>
                </datafield>
                <datafield tag="CAT" ind1=" " ind2=" ">
                    <subfield code="a">bcadmin</subfield>
                    <subfield code="b">00</subfield>
                    <subfield code="c">20080206</subfield>
                    <subfield code="l">DAT01</subfield>
                    <subfield code="h">1548</subfield>
                </datafield>
                <datafield tag="CAT" ind1=" " ind2=" ">
                    <subfield code="a">bob</subfield>
                    <subfield code="b">00</subfield>
                    <subfield code="c">20081202</subfield>
                    <subfield code="l">DAT01</subfield>
                    <subfield code="h">1127</subfield>
                </datafield>
                <datafield tag="CAT" ind1=" " ind2=" ">
                    <subfield code="a">bcadmin</subfield>
                    <subfield code="b">00</subfield>
                    <subfield code="c">20120830</subfield>
                    <subfield code="l">DAT01</subfield>
                    <subfield code="h">1305</subfield>
                </datafield>
                <datafield tag="CAT" ind1=" " ind2=" ">
                    <subfield code="a">bcadmin</subfield>
                    <subfield code="b">00</subfield>
                    <subfield code="c">20120830</subfield>
                    <subfield code="l">DAT01</subfield>
                    <subfield code="h">1313</subfield>
                </datafield>
                <datafield tag="CAT" ind1=" " ind2=" ">
                    <subfield code="a">bcadmin</subfield>
                    <subfield code="b">00</subfield>
                    <subfield code="c">20120830</subfield>
                    <subfield code="l">DAT01</subfield>
                    <subfield code="h">1313</subfield>
                </datafield>
                <datafield tag="CAT" ind1=" " ind2=" ">
                    <subfield code="a">bcadmin</subfield>
                    <subfield code="b">00</subfield>
                    <subfield code="c">20120830</subfield>
                    <subfield code="l">DAT01</subfield>
                    <subfield code="h">1313</subfield>
                </datafield>
                <datafield tag="CAT" ind1=" " ind2=" ">
                    <subfield code="a">bcadmin</subfield>
                    <subfield code="b">00</subfield>
                    <subfield code="c">20120830</subfield>
                    <subfield code="l">DAT01</subfield>
                    <subfield code="h">1313</subfield>
                </datafield>
                <datafield tag="CAT" ind1=" " ind2=" ">
                    <subfield code="a">bcadmin</subfield>
                    <subfield code="b">00</subfield>
                    <subfield code="c">20120830</subfield>
                    <subfield code="l">DAT01</subfield>
                    <subfield code="h">1313</subfield>
                </datafield>
                <datafield tag="CAT" ind1=" " ind2=" ">
                    <subfield code="c">20120830</subfield>
                    <subfield code="l">DAT01</subfield>
                    <subfield code="h">1316</subfield>
                </datafield>
                <datafield tag="CAT" ind1=" " ind2=" ">
                    <subfield code="a">bcadmin</subfield>
                    <subfield code="b">00</subfield>
                    <subfield code="c">20120830</subfield>
                    <subfield code="l">DAT01</subfield>
                    <subfield code="h">1318</subfield>
                </datafield>
                <datafield tag="CAT" ind1=" " ind2=" ">
                    <subfield code="a">exsupport</subfield>
                    <subfield code="b">00</subfield>
                    <subfield code="c">20120831</subfield>
                    <subfield code="l">DAT01</subfield>
                    <subfield code="h">1933</subfield>
                </datafield>
                <datafield tag="CAT" ind1=" " ind2=" ">
                    <subfield code="a">exsupport</subfield>
                    <subfield code="b">00</subfield>
                    <subfield code="c">20120831</subfield>
                    <subfield code="l">DAT01</subfield>
                    <subfield code="h">1934</subfield>
                </datafield>
                <datafield tag="CAT" ind1=" " ind2=" ">
                    <subfield code="a">exsupport</subfield>
                    <subfield code="b">00</subfield>
                    <subfield code="c">20120831</subfield>
                    <subfield code="l">DAT01</subfield>
                    <subfield code="h">1935</subfield>
                </datafield>
                <datafield tag="CAT" ind1=" " ind2=" ">
                    <subfield code="a">bcadmin</subfield>
                    <subfield code="b">00</subfield>
                    <subfield code="c">20140117</subfield>
                    <subfield code="l">DAT01</subfield>
                    <subfield code="h">1136</subfield>
                </datafield>
                <datafield tag="653" ind1=" " ind2=" ">
                    <subfield code="a">Social Sciences (General)</subfield>
                </datafield>
                <datafield tag="CAT" ind1=" " ind2=" ">
                    <subfield code="a">bcadmin</subfield>
                    <subfield code="b">00</subfield>
                    <subfield code="c">20140212</subfield>
                    <subfield code="l">DAT01</subfield>
                    <subfield code="h">1259</subfield>
                </datafield>
            </record>