
        </source_full_info>
        <source_full_info>
            <source_info>
                <source_internal_number>000001935</source_internal_number>
                <source_001>BCL01646</source_001>
                <source_name>Sociological Abstracts</source_name>
                <source_short_name>Sociological Abstracts</source_short_name>
                <source_searchable_flag>Y</source_searchable_flag>
            </source_info>
            <record xmlns="http://www.loc.gov/MARC21/slim"
                    xmlns:xsi="http://www.w3.org/2001/XMLSchema-instance"
                    xsi:schemaLocation="http://www.loc.gov/MARC21/slim
http://www.loc.gov/standards/marcxml/schema/MARC21slim.xsd">
                <controlfield tag="001">BCL01646</controlfield>
                <datafield tag="245" ind1="1" ind2=" ">
                    <subfield code="a">Sociological Abstracts</subfield>
                </datafield>
                <datafield tag="210" ind1=" " ind2=" ">
                    <subfield code="a">Sociological Abstracts</subfield>
                </datafield>
                <datafield tag="520" ind1=" " ind2=" ">
                    <subfield code="a">Contains information from approximately 1,809 journals in 30 different languages
                        which includes bibliographic citations and abstracts (from sociological abstracts and SOPODA)
                        and enhanced dissertation citations (from Dissertation Abstracts International).
                    </subfield>
                </datafield>
                <datafield tag="594" ind1=" " ind2=" ">
                    <subfield code="a">SUBSCRIPTION</subfield>
                </datafield>
                <datafield tag="500" ind1=" " ind2=" ">
                    <subfield code="a">1952-present</subfield>
                </datafield>
                <datafield tag="110" ind1="2" ind2=" ">
                    <subfield code="a">ProQuest Information and Learning Company</subfield>
                </datafield>
                <datafield tag="TAR" ind1=" " ind2=" ">
                    <subfield code="a">PQ_MS</subfield>
                    <subfield code="f">Y</subfield>
                </datafield>
                <datafield tag="ZAT" ind1=" " ind2=" ">
                    <subfield code="a">Bostonco/Bostonco</subfield>
                </datafield>
                <datafield tag="ZHS" ind1=" " ind2=" ">
                    <subfield code="a">http://fedsearch.proquest.com/search/sru/</subfield>
                </datafield>
                <datafield tag="ZDC" ind1=" " ind2=" ">
                    <subfield code="a">socabs</subfield>
                </datafield>
                <datafield tag="PXY" ind1=" " ind2=" ">
                    <subfield code="a">Y</subfield>
                </datafield>
                <datafield tag="AF1" ind1=" " ind2=" ">
                    <subfield code="a">BCL</subfield>
                </datafield>
                <datafield tag="AF3" ind1=" " ind2=" ">
                    <subfield code="a">BC</subfield>
                </datafield>
                <datafield tag="STA" ind1=" " ind2=" ">
                    <subfield code="a">ACTIVE</subfield>
                </datafield>
                <controlfield tag="CKB">CKB06474</controlfield>
                <datafield tag="RNK" ind1=" " ind2=" ">
                    <subfield code="a">3</subfield>
                </datafield>
                <datafield tag="CJK" ind1=" " ind2=" ">
                    <subfield code="a">lat</subfield>
                </datafield>
                <controlfield tag="FMT">DD</controlfield>
                <datafield tag="ATG" ind1=" " ind2=" ">
                    <subfield code="a">RESTRICT</subfield>
                </datafield>
                <datafield tag="655" ind1=" " ind2=" ">
                    <subfield code="a">Article Index Database</subfield>
                </datafield>
                <datafield tag="856" ind1="4" ind2="1">
                    <subfield code="u">http://search.proquest.com/socabs/advanced?</subfield>
                </datafield>
                <datafield tag="650" ind1=" " ind2=" ">
                    <subfield code="a">Social sciences-general</subfield>
                </datafield>
                <datafield tag="650" ind1=" " ind2=" ">
                    <subfield code="a">Social work</subfield>
                </datafield>
                <datafield tag="650" ind1=" " ind2=" ">
                    <subfield code="a">Sociology</subfield>
                </datafield>
                <datafield tag="CAT" ind1=" " ind2=" ">
                    <subfield code="c">20041123</subfield>
                    <subfield code="l">DAT01</subfield>
                    <subfield code="h">1455</subfield>
                </datafield>
                <datafield tag="CAT" ind1=" " ind2=" ">
                    <subfield code="c">20041123</subfield>
                    <subfield code="l">DAT01</subfield>
                    <subfield code="h">1527</subfield>
                </datafield>
                <datafield tag="CAT" ind1=" " ind2=" ">
                    <subfield code="c">20041219</subfield>
                    <subfield code="l">DAT01</subfield>
                    <subfield code="h">2054</subfield>
                </datafield>
                <datafield tag="CAT" ind1=" " ind2=" ">
                    <subfield code="a">bc</subfield>
                    <subfield code="b">00</subfield>
                    <subfield code="c">20041221</subfield>
                    <subfield code="l">DAT01</subfield>
                    <subfield code="h">0942</subfield>
                </datafield>
                <datafield tag="CAT" ind1=" " ind2=" ">
                    <subfield code="a">bc</subfield>
                    <subfield code="b">00</subfield>
                    <subfield code="c">20050110</subfield>
                    <subfield code="l">DAT01</subfield>
                    <subfield code="h">1151</subfield>
                </datafield>
                <datafield tag="CAT" ind1=" " ind2=" ">
                    <subfield code="a">bc</subfield>
                    <subfield code="b">00</subfield>
                    <subfield code="c">20050114</subfield>
                    <subfield code="l">DAT01</subfield>
                    <subfield code="h">1610</subfield>
                </datafield>
                <datafield tag="CAT" ind1=" " ind2=" ">
                    <subfield code="a">bc</subfield>
                    <subfield code="b">00</subfield>
                    <subfield code="c">20051201</subfield>
                    <subfield code="l">DAT01</subfield>
                    <subfield code="h">1026</subfield>
                </datafield>
                <datafield tag="856" ind1="4" ind2="3">
                    <subfield code="u">$856_u</subfield>
                </datafield>
                <datafield tag="CAT" ind1=" " ind2=" ">
                    <subfield code="a">bob</subfield>
                    <subfield code="b">00</subfield>
                    <subfield code="c">20061017</subfield>
                    <subfield code="l">DAT01</subfield>
                    <subfield code="h">1329</subfield>
                </datafield>
                <datafield tag="CAT" ind1=" " ind2=" ">
                    <subfield code="a">bcadmin</subfield>
                    <subfield code="b">00</subfield>
                    <subfield code="c">20100602</subfield>
                    <subfield code="l">DAT01</subfield>
                    <subfield code="h">1346</subfield>
                </datafield>
                <datafield tag="CAT" ind1=" " ind2=" ">
                    <subfield code="a">bcadmin</subfield>
                    <subfield code="b">00</subfield>
                    <subfield code="c">20100602</subfield>
                    <subfield code="l">DAT01</subfield>
                    <subfield code="h">1346</subfield>
                </datafield>
                <datafield tag="CAT" ind1=" " ind2=" ">
                    <subfield code="a">bcadmin</subfield>
                    <subfield code="b">00</subfield>
                    <subfield code="c">20100602</subfield>
                    <subfield code="l">DAT01</subfield>
                    <subfield code="h">1347</subfield>
                </datafield>
                <datafield tag="CAT" ind1=" " ind2=" ">
                    <subfield code="a">bcadmin</subfield>
                    <subfield code="b">00</subfield>
                    <subfield code="c">20100602</subfield>
                    <subfield code="l">DAT01</subfield>
                    <subfield code="h">1352</subfield>
                </datafield>
                <datafield tag="CAT" ind1=" " ind2=" ">
                    <subfield code="a">bcadmin</subfield>
                    <subfield code="b">00</subfield>
                    <subfield code="c">20100602</subfield>
                    <subfield code="l">DAT01</subfield>
                    <subfield code="h">1523</subfield>
                </datafield>
                <datafield tag="CAT" ind1=" " ind2=" ">
                    <subfield code="a">bcadmin</subfield>
                    <subfield code="b">00</subfield>
                    <subfield code="c">20100602</subfield>
                    <subfield code="l">DAT01</subfield>
                    <subfield code="h">1523</subfield>
                </datafield>
                <datafield tag="CAT" ind1=" " ind2=" ">
                    <subfield code="a">bcadmin</subfield>
                    <subfield code="b">00</subfield>
                    <subfield code="c">20100628</subfield>
                    <subfield code="l">DAT01</subfield>
                    <subfield code="h">1707</subfield>
                </datafield>
                <datafield tag="CAT" ind1=" " ind2=" ">
                    <subfield code="a">bcadmin</subfield>
                    <subfield code="b">00</subfield>
                    <subfield code="c">20100628</subfield>
                    <subfield code="l">DAT01</subfield>
                    <subfield code="h">1709</subfield>
                </datafield>
                <datafield tag="CAT" ind1=" " ind2=" ">
                    <subfield code="a">bcadmin</subfield>
                    <subfield code="b">00</subfield>
                    <subfield code="c">20120203</subfield>
                    <subfield code="l">DAT01</subfield>
                    <subfield code="h">1523</subfield>
                </datafield>
                <datafield tag="CAT" ind1=" " ind2=" ">
                    <subfield code="c">20120604</subfield>
                    <subfield code="l">DAT01</subfield>
                    <subfield code="h">1722</subfield>
                </datafield>
                <datafield tag="CAT" ind1=" " ind2=" ">
                    <subfield code="a">bcadmin</subfield>
                    <subfield code="b">00</subfield>
                    <subfield code="c">20120604</subfield>
                    <subfield code="l">DAT01</subfield>
                    <subfield code="h">1723</subfield>
                </datafield>
                <datafield tag="CAT" ind1=" " ind2=" ">
                    <subfield code="a">bcadmin</subfield>
                    <subfield code="b">00</subfield>
                    <subfield code="c">20120604</subfield>
                    <subfield code="l">DAT01</subfield>
                    <subfield code="h">1723</subfield>
                </datafield>
                <datafield tag="CAT" ind1=" " ind2=" ">
                    <subfield code="a">bcadmin</subfield>
                    <subfield code="b">00</subfield>
                    <subfield code="c">20120604</subfield>
                    <subfield code="l">DAT01</subfield>
                    <subfield code="h">1724</subfield>
                </datafield>
                <datafield tag="653" ind1=" " ind2=" ">
                    <subfield code="a">Sociology</subfield>
                </datafield>
                <datafield tag="653" ind1=" " ind2=" ">
                    <subfield code="a">Social Work</subfield>
                </datafield>
                <datafield tag="CAT" ind1=" " ind2=" ">
                    <subfield code="a">bcadmin</subfield>
                    <subfield code="b">00</subfield>
                    <subfield code="c">20140210</subfield>
                    <subfield code="l">DAT01</subfield>
                    <subfield code="h">1519</subfield>
                </datafield>
            </record>
        </source_full_info>
    </retrieve_resources_by_category_response>
</x_server_response>